<?xml version="1.0" encoding="UTF-8"?><collection xmlns="http://www.loc.gov/MARC21/slim"><record><leader>00449nam--2200145-i-4500</leader><controlfield tag="001">000011223</controlfield><controlfield tag="002">20161230</controlfield><controlfield tag="005">20161230201029</controlfield><controlfield tag="008">060222s1000------------r-----000-0-eng-d</controlfield><datafield ind1=" " ind2=" " tag="080"><subfield code="a">621.O39.516.22(047)</subfield></datafield><datafield ind1=" " ind2=" " tag="100"><subfield code="a">Proksch,E./S.A.</subfield></datafield><datafield ind1=" " ind2=" " tag="245"><subfield code="a">Abbrandbedingtes quellen hochdichter oxidischer htr-brennstoffkerne</subfield></datafield><datafield ind1=" " ind2=" " tag="260"><subfield code="a">Seibersdorf,Berichte Der Osterreichischen. Studiengesellschaft Fur Atomenergie, 1976 18p</subfield></datafield><datafield ind1=" " ind2=" " tag="490"><subfield code="a">2621</subfield></datafield><datafield ind1=" " ind2=" " tag="852"><subfield code="a">19564</subfield></datafield></record></collection>